@article{fama69,
    author  = "Eugene F Fama",
    title   = "Efficient Capital Markets: A Review of Theory and Empirical Work",
    year    = "1969",
    journal = "The Journal of Finance",
    volume  = "25",
    number  = "2",
    pages   = "383--417"
}

@article{fama65,
	author = "Eugene F Fama",
	title = "The Behavior of Stock-Market Prices",
	year = "1965",
	journal = "The Journal of Business",
	volume = "38",
	number = "1",
	pages = "34--105"
}

@article{samuelson65,
	author = "Paul A Samuelson",
	title = "Proof that Properly Anticipated Prices Fluctuate Randomly",
	year = "1965",
	journal = "Industrial Management Review",
	volume = "6",
	number = "2",
	pages = "41--49"
}

@article{bachelier,
	author = "L. Bachelier",
	translation = "D. May",
	title = "The Theory of Speculation",
	year = "1900",
	journal = "Annales Scientifiques de l'Ecole Normale Superieure",
	volume = "3",
	number = "17",
	pages = "21--86"
}

@book{soros,
	author = "George Soros",
	title = "The Alchemy of Finance",
	year = "1987",
	publisher = "Wiley",
}


@article{mandelbrot,
	author = "Benoit Mandelbrot",
	title = "The Variation of Certain Speculative Prices",
	year = "1963",
	journal = "The Journal of Business",
	volume = "36",
	number = "4",
	pages = "394--419"
}

@article{buffet84,
	author = "Warren E Buffet",
	title = "The Superinvestors of Graham-and-Doddsville",
	year = "1984",
	journal = "Hermes, the Columbia Business School Magazine",
	pages = "4--15"
}

@article{famafrench,
	author = "Eugene F. Fama and Kenneth R French",
	title = "The Cross-Section of Expected Stock Returns",
	year = " 1992",
	journal = "The Journal of Finance",
	volume = "47",
	number = "2",
	pages = "427--465"
}

@Misc{lucas,
	author = "Robert E Lucas Jr",
	title = "Nobel Prize Lecture, Monetary Neutrality",
	year = "1995"	
}

@Misc{bayes,
	author = "Thomas Bayes",
	title = "An Essay towards solving a Problem in the Doctrine of Chances."
	year = "1763",
}

@article{shannon,
	author= "C. E. Shannon",
	title = "A Mathematical Theory of Communication",
	year = "1948",
	journal = "The Bell System Technical Journal",
	volume = "27",
	pages = "379--423"
}
	
@book{mandelbrot2,
	author = "Benoitt Mandelbrot and Richard L Hudson",
	title = "The (Mis)Behavior of Markets: A Fractal View of Financial Turbulence",
	year = "2004",
	publisher = "Basic Books",
}

@article{blackscholes73,
	author="Fischer Black and Myron Scholes",
	title="The Pricing of Options and Corporate Liabilities",
	year="1973",
	journal="The Journal of Political Economy",
	volume="81",
	number="3",
	pages="637--654"
}

	
